<?xml version='1.0' encoding='utf-8'?>
<record xmlns="http://www.loc.gov/MARC21/slim" xmlns:xsi="http://www.w3.org/2001/XMLSchema-instance">
  <leader>00000cas^a2200349Ia^4500</leader>
  <controlfield tag="001">004921683</controlfield>
  <controlfield tag="005">20071018090218.0</controlfield>
  <controlfield tag="008">020510c20029999miumr^n^^r^^^^0^^^a0eng^d</controlfield>
  <datafield tag="010" ind1=" " ind2=" ">
    <subfield code="a">sn2003060108</subfield>
  </datafield>
  <datafield tag="022" ind1=" " ind2=" ">
    <subfield code="y">8021-0028</subfield>
  </datafield>
  <datafield tag="035" ind1=" " ind2=" ">
    <subfield code="a">(OCoLC)ocm49763497</subfield>
  </datafield>
  <datafield tag="040" ind1=" " ind2=" ">
    <subfield code="a">EEX</subfield>
    <subfield code="c">EEX</subfield>
    <subfield code="d">OCLCQ</subfield>
    <subfield code="d">MHN</subfield>
    <subfield code="d">BEU</subfield>
  </datafield>
  <datafield tag="049" ind1="2" ind2="1">
    <subfield code="a">BEUA</subfield>
  </datafield>
  <datafield tag="099" ind1=" " ind2=" ">
    <subfield code="a">EA</subfield>
    <subfield code="a">80</subfield>
    <subfield code="a">G786</subfield>
    <subfield code="a">M338</subfield>
    <subfield code="a">Outsize</subfield>
  </datafield>
  <datafield tag="245" ind1="0" ind2="4">
    <subfield code="a">The Great Lakes mariners.</subfield>
  </datafield>
  <datafield tag="246" ind1="1" ind2=" ">
    <subfield code="i">At head of title:</subfield>
    <subfield code="a">Great Lakes pilot preview</subfield>
    <subfield code="f">&lt;v.2, no.7 (2004)-v.4, no.6 (2007)</subfield>
  </datafield>
  <datafield tag="246" ind1="1" ind2="3">
    <subfield code="a">Great Lakes pilot a.k.a Great Lakes mariners</subfield>
    <subfield code="f">v.4, no.7 (2007)-</subfield>
  </datafield>
  <datafield tag="260" ind1=" " ind2=" ">
    <subfield code="a">Grand Marais, Mich. :</subfield>
    <subfield code="b">Great Lakes Pilot Preview Pub. Co.,</subfield>
    <subfield code="c">2002-</subfield>
  </datafield>
  <datafield tag="300" ind1=" " ind2=" ">
    <subfield code="a">v. :</subfield>
    <subfield code="b">ill. ;</subfield>
    <subfield code="c">35 cm.</subfield>
  </datafield>
  <datafield tag="310" ind1=" " ind2=" ">
    <subfield code="a">Monthly</subfield>
  </datafield>
  <datafield tag="362" ind1="0" ind2=" ">
    <subfield code="a">Vol. 1, no. 1 (2002)-</subfield>
  </datafield>
  <datafield tag="500" ind1=" " ind2=" ">
    <subfield code="a">"A Great Lakes wide newspaper."</subfield>
  </datafield>
  <datafield tag="500" ind1=" " ind2=" ">
    <subfield code="a">"Folklore, fables, &amp; features of the Great Lakes States." &lt;v.2, no.1&gt;-</subfield>
  </datafield>
  <datafield tag="651" ind1=" " ind2="0">
    <subfield code="a">Great Lakes (North America)</subfield>
    <subfield code="v">Newspapers.</subfield>
  </datafield>
  <datafield tag="651" ind1=" " ind2="0">
    <subfield code="a">Michigan, Northern</subfield>
    <subfield code="v">Newspapers.</subfield>
  </datafield>
  <datafield tag="651" ind1=" " ind2="0">
    <subfield code="a">Great Lakes (North America)</subfield>
    <subfield code="x">History</subfield>
    <subfield code="v">Periodicals.</subfield>
  </datafield>
  <datafield tag="651" ind1=" " ind2="0">
    <subfield code="a">Michigan, Northern</subfield>
    <subfield code="x">History</subfield>
    <subfield code="v">Periodicals.</subfield>
  </datafield>
  <datafield tag="651" ind1=" " ind2="0">
    <subfield code="a">Great Lakes (North America)</subfield>
    <subfield code="x">Description and travel</subfield>
    <subfield code="v">Periodicals.</subfield>
  </datafield>
  <datafield tag="651" ind1=" " ind2="0">
    <subfield code="a">Michigan, Northern</subfield>
    <subfield code="x">Description and travel</subfield>
    <subfield code="v">Periodicals.</subfield>
  </datafield>
  <datafield tag="752" ind1=" " ind2=" ">
    <subfield code="a">United States</subfield>
    <subfield code="b">Michigan, Northern.</subfield>
  </datafield>
  <datafield tag="780" ind1="0" ind2="0">
    <subfield code="t">Great Lakes pilot</subfield>
    <subfield code="w">(DLC)sn96077336</subfield>
    <subfield code="w">(OCoLC)32452032</subfield>
  </datafield>
  <datafield tag="852" ind1="8" ind2=" ">
    <subfield code="a">MiU-H</subfield>
    <subfield code="b">BENT</subfield>
    <subfield code="h">06127 Aa 2</subfield>
  </datafield>
  <datafield tag="997" ind1=" " ind2=" ">
    <subfield code="a">MARS</subfield>
  </datafield>
  <datafield tag="998" ind1=" " ind2=" ">
    <subfield code="c">LAC</subfield>
  </datafield>
  <datafield tag="HOL" ind1="8" ind2=" ">
    <subfield code="a">MiU-H</subfield>
    <subfield code="b">BENT</subfield>
    <subfield code="h">EA 80 G786 M338 Outsize</subfield>
    <subfield code="s">08</subfield>
    <subfield code="t">8</subfield>
    <subfield code="m">ISSUE</subfield>
    <subfield code="d">OCLC</subfield>
    <subfield code="x">20041220</subfield>
  </datafield>
  <datafield tag="955" ind1=" " ind2=" ">
    <subfield code="b">BENT</subfield>
    <subfield code="p">4921683-100</subfield>
    <subfield code="z">v.1:no.9(2004:Sep.)</subfield>
  </datafield>
  <datafield tag="955" ind1=" " ind2=" ">
    <subfield code="b">BENT</subfield>
    <subfield code="p">4921683-110</subfield>
    <subfield code="z">v.1:no.10(2004:Oct.)</subfield>
  </datafield>
  <datafield tag="955" ind1=" " ind2=" ">
    <subfield code="b">BENT</subfield>
    <subfield code="p">4921683-120</subfield>
    <subfield code="z">v.1:no.11(2004:Nov.)</subfield>
  </datafield>
  <datafield tag="955" ind1=" " ind2=" ">
    <subfield code="b">BENT</subfield>
    <subfield code="p">4921683-130</subfield>
    <subfield code="z">v.1:no.12(2004:Dec.)</subfield>
  </datafield>
  <datafield tag="955" ind1=" " ind2=" ">
    <subfield code="b">BENT</subfield>
    <subfield code="p">4921683-140</subfield>
    <subfield code="z">v.3:no.1(2005:Jan.)</subfield>
  </datafield>
  <datafield tag="955" ind1=" " ind2=" ">
    <subfield code="b">BENT</subfield>
    <subfield code="p">4921683-150</subfield>
    <subfield code="z">v.3:no.2(2005:Feb.)</subfield>
  </datafield>
  <datafield tag="955" ind1=" " ind2=" ">
    <subfield code="b">BENT</subfield>
    <subfield code="p">4921683-160</subfield>
    <subfield code="z">v.3:no.3(2005:Mar.)</subfield>
  </datafield>
  <datafield tag="955" ind1=" " ind2=" ">
    <subfield code="b">BENT</subfield>
    <subfield code="p">4921683-170</subfield>
    <subfield code="z">v.3:no.4(2005:April)</subfield>
  </datafield>
  <datafield tag="955" ind1=" " ind2=" ">
    <subfield code="b">BENT</subfield>
    <subfield code="p">4921683-180</subfield>
    <subfield code="z">v.3:no.5(2005:Aug.)</subfield>
  </datafield>
  <datafield tag="955" ind1=" " ind2=" ">
    <subfield code="b">BENT</subfield>
    <subfield code="p">4921683-190</subfield>
    <subfield code="z">v.3:no.6(2005:Sep.)</subfield>
  </datafield>
  <datafield tag="955" ind1=" " ind2=" ">
    <subfield code="b">BENT</subfield>
    <subfield code="p">4921683-20</subfield>
    <subfield code="z">v.1:no.1(2004:Jan.)</subfield>
  </datafield>
  <datafield tag="955" ind1=" " ind2=" ">
    <subfield code="b">BENT</subfield>
    <subfield code="p">4921683-30</subfield>
    <subfield code="z">v.1:no.2(2004:Feb.)</subfield>
  </datafield>
  <datafield tag="955" ind1=" " ind2=" ">
    <subfield code="b">BENT</subfield>
    <subfield code="p">4921683-40</subfield>
    <subfield code="z">v.1:no.3(2004:Mar.)</subfield>
  </datafield>
  <datafield tag="955" ind1=" " ind2=" ">
    <subfield code="b">BENT</subfield>
    <subfield code="p">4921683-440</subfield>
    <subfield code="z">v.5:no.1(2007:Oct.)</subfield>
  </datafield>
  <datafield tag="955" ind1=" " ind2=" ">
    <subfield code="b">BENT</subfield>
    <subfield code="p">4921683-450</subfield>
    <subfield code="z">v.5:no.2(2007:Nov.)</subfield>
  </datafield>
  <datafield tag="955" ind1=" " ind2=" ">
    <subfield code="b">BENT</subfield>
    <subfield code="p">4921683-460</subfield>
    <subfield code="z">v.5:no.3(2007:Dec.)</subfield>
  </datafield>
  <datafield tag="955" ind1=" " ind2=" ">
    <subfield code="b">BENT</subfield>
    <subfield code="p">4921683-470</subfield>
    <subfield code="z">v.5:no.4(2008:Jan.)</subfield>
  </datafield>
  <datafield tag="955" ind1=" " ind2=" ">
    <subfield code="b">BENT</subfield>
    <subfield code="p">4921683-480</subfield>
    <subfield code="z">v.5:no.5(2008:Feb.)</subfield>
  </datafield>
  <datafield tag="955" ind1=" " ind2=" ">
    <subfield code="b">BENT</subfield>
    <subfield code="p">4921683-490</subfield>
    <subfield code="z">v.5:no.6(2008:Mar.)</subfield>
  </datafield>
  <datafield tag="955" ind1=" " ind2=" ">
    <subfield code="b">BENT</subfield>
    <subfield code="p">4921683-50</subfield>
    <subfield code="z">v.1:no.4(2004:April)</subfield>
  </datafield>
  <datafield tag="955" ind1=" " ind2=" ">
    <subfield code="b">BENT</subfield>
    <subfield code="p">4921683-500</subfield>
    <subfield code="z">v.5:no.7(2008:April)</subfield>
  </datafield>
  <datafield tag="955" ind1=" " ind2=" ">
    <subfield code="b">BENT</subfield>
    <subfield code="p">4921683-510</subfield>
    <subfield code="z">v.5:no.8(2008:May)</subfield>
  </datafield>
  <datafield tag="955" ind1=" " ind2=" ">
    <subfield code="b">BENT</subfield>
    <subfield code="p">4921683-520</subfield>
    <subfield code="z">v.5:no.9(2008:Jun.)</subfield>
  </datafield>
  <datafield tag="955" ind1=" " ind2=" ">
    <subfield code="b">BENT</subfield>
    <subfield code="p">4921683-530</subfield>
    <subfield code="z">v.5:no.10(2008:Jul.)</subfield>
  </datafield>
  <datafield tag="955" ind1=" " ind2=" ">
    <subfield code="b">BENT</subfield>
    <subfield code="p">4921683-540</subfield>
    <subfield code="z">v.5:no.11(2008:Aug.)</subfield>
  </datafield>
  <datafield tag="955" ind1=" " ind2=" ">
    <subfield code="b">BENT</subfield>
    <subfield code="p">4921683-550</subfield>
    <subfield code="z">v.5:no.12(2008:Sep.)</subfield>
  </datafield>
  <datafield tag="955" ind1=" " ind2=" ">
    <subfield code="b">BENT</subfield>
    <subfield code="p">4921683-590</subfield>
    <subfield code="z">v.6:no.1(2009:Jan.)</subfield>
  </datafield>
  <datafield tag="955" ind1=" " ind2=" ">
    <subfield code="b">BENT</subfield>
    <subfield code="p">4921683-60</subfield>
    <subfield code="z">v.1:no.5(2004:May)</subfield>
  </datafield>
  <datafield tag="955" ind1=" " ind2=" ">
    <subfield code="b">BENT</subfield>
    <subfield code="p">4921683-600</subfield>
    <subfield code="z">v.6:no.2(2009:Feb.)</subfield>
  </datafield>
  <datafield tag="955" ind1=" " ind2=" ">
    <subfield code="b">BENT</subfield>
    <subfield code="p">4921683-610</subfield>
    <subfield code="z">v.6:no.3(2009:Mar.)</subfield>
  </datafield>
  <datafield tag="955" ind1=" " ind2=" ">
    <subfield code="b">BENT</subfield>
    <subfield code="p">4921683-620</subfield>
    <subfield code="z">v.6:no.4(2009:April)</subfield>
  </datafield>
  <datafield tag="955" ind1=" " ind2=" ">
    <subfield code="b">BENT</subfield>
    <subfield code="p">4921683-630</subfield>
    <subfield code="z">v.6:no.5(2009:May)</subfield>
  </datafield>
  <datafield tag="955" ind1=" " ind2=" ">
    <subfield code="b">BENT</subfield>
    <subfield code="p">4921683-640</subfield>
    <subfield code="z">v.6:no.6(2009:Jun.)</subfield>
  </datafield>
  <datafield tag="955" ind1=" " ind2=" ">
    <subfield code="b">BENT</subfield>
    <subfield code="p">4921683-650</subfield>
    <subfield code="z">v.6:no.7(2009:Jul.)</subfield>
  </datafield>
  <datafield tag="955" ind1=" " ind2=" ">
    <subfield code="b">BENT</subfield>
    <subfield code="p">4921683-660</subfield>
    <subfield code="z">v.6:no.8(2009:Aug.)</subfield>
  </datafield>
  <datafield tag="955" ind1=" " ind2=" ">
    <subfield code="b">BENT</subfield>
    <subfield code="p">4921683-670</subfield>
    <subfield code="z">v.6:no.9(2009:Sep.)</subfield>
  </datafield>
  <datafield tag="955" ind1=" " ind2=" ">
    <subfield code="b">BENT</subfield>
    <subfield code="p">4921683-70</subfield>
    <subfield code="z">v.1:no.6(2004:Jun.)</subfield>
  </datafield>
  <datafield tag="955" ind1=" " ind2=" ">
    <subfield code="b">BENT</subfield>
    <subfield code="p">4921683-710</subfield>
    <subfield code="z">v.7:no.1(2010:May)</subfield>
  </datafield>
  <datafield tag="955" ind1=" " ind2=" ">
    <subfield code="b">BENT</subfield>
    <subfield code="p">4921683-720</subfield>
    <subfield code="z">v.7:no.2(2010:Jun.)</subfield>
  </datafield>
  <datafield tag="955" ind1=" " ind2=" ">
    <subfield code="b">BENT</subfield>
    <subfield code="p">4921683-730</subfield>
    <subfield code="z">v.7:no.3(2010:Jul.)</subfield>
  </datafield>
  <datafield tag="955" ind1=" " ind2=" ">
    <subfield code="b">BENT</subfield>
    <subfield code="p">4921683-740</subfield>
    <subfield code="z">v.7:no.4(2010:Aug.)</subfield>
  </datafield>
  <datafield tag="955" ind1=" " ind2=" ">
    <subfield code="b">BENT</subfield>
    <subfield code="p">4921683-750</subfield>
    <subfield code="z">v.7:no.5(2010:Nov.)</subfield>
  </datafield>
  <datafield tag="955" ind1=" " ind2=" ">
    <subfield code="b">BENT</subfield>
    <subfield code="p">4921683-760</subfield>
    <subfield code="z">v.7:no.6(2010:Oct.)</subfield>
  </datafield>
  <datafield tag="955" ind1=" " ind2=" ">
    <subfield code="b">BENT</subfield>
    <subfield code="p">4921683-770</subfield>
    <subfield code="z">v.7:no.7(2010:Nov.)</subfield>
  </datafield>
  <datafield tag="955" ind1=" " ind2=" ">
    <subfield code="b">BENT</subfield>
    <subfield code="p">4921683-780</subfield>
    <subfield code="z">v.7:no.8(2010:Dec.)</subfield>
  </datafield>
  <datafield tag="955" ind1=" " ind2=" ">
    <subfield code="b">BENT</subfield>
    <subfield code="p">4921683-790</subfield>
    <subfield code="z">v.7:no.9(2011:Jan.)</subfield>
  </datafield>
  <datafield tag="955" ind1=" " ind2=" ">
    <subfield code="b">BENT</subfield>
    <subfield code="p">4921683-80</subfield>
    <subfield code="z">v.1:no.7(2004:Jul.)</subfield>
  </datafield>
  <datafield tag="955" ind1=" " ind2=" ">
    <subfield code="b">BENT</subfield>
    <subfield code="p">4921683-800</subfield>
    <subfield code="z">v.7:no.10(2011:Feb.)</subfield>
  </datafield>
  <datafield tag="955" ind1=" " ind2=" ">
    <subfield code="b">BENT</subfield>
    <subfield code="p">4921683-810</subfield>
    <subfield code="z">v.7:no.11(2011:Mar.)</subfield>
  </datafield>
  <datafield tag="955" ind1=" " ind2=" ">
    <subfield code="b">BENT</subfield>
    <subfield code="p">4921683-820</subfield>
    <subfield code="z">v.7:no.12(2011:April)</subfield>
  </datafield>
  <datafield tag="955" ind1=" " ind2=" ">
    <subfield code="b">BENT</subfield>
    <subfield code="p">4921683-90</subfield>
    <subfield code="z">v.1:no.8(2004:Aug.)</subfield>
  </datafield>
  <datafield tag="955" ind1=" " ind2=" ">
    <subfield code="b">BENT</subfield>
    <subfield code="p">B2207877</subfield>
  </datafield>
  <datafield tag="955" ind1=" " ind2=" ">
    <subfield code="b">BENT</subfield>
    <subfield code="p">B2434002</subfield>
    <subfield code="z">v.3:no.8(2005:Dec.)</subfield>
  </datafield>
  <datafield tag="955" ind1=" " ind2=" ">
    <subfield code="b">BENT</subfield>
    <subfield code="p">B2500175</subfield>
    <subfield code="z">v.3:no.10(2006:Mar.)</subfield>
  </datafield>
  <datafield tag="955" ind1=" " ind2=" ">
    <subfield code="b">BENT</subfield>
    <subfield code="p">B2643217</subfield>
    <subfield code="z">v.3:no.11(2006:May)</subfield>
  </datafield>
  <datafield tag="955" ind1=" " ind2=" ">
    <subfield code="b">BENT</subfield>
    <subfield code="p">B2674093</subfield>
    <subfield code="z">v.3:no.11(2006:July)</subfield>
  </datafield>
  <datafield tag="955" ind1=" " ind2=" ">
    <subfield code="b">BENT</subfield>
    <subfield code="p">B2684695</subfield>
    <subfield code="z">v.4:no.1(2006:August)</subfield>
  </datafield>
  <datafield tag="955" ind1=" " ind2=" ">
    <subfield code="b">BENT</subfield>
    <subfield code="p">B2713721</subfield>
    <subfield code="z">v.4:no.2(2006:Sep.)</subfield>
  </datafield>
  <datafield tag="955" ind1=" " ind2=" ">
    <subfield code="b">BENT</subfield>
    <subfield code="p">B2738375</subfield>
    <subfield code="z">v.3:no.9(2006:Feb.)</subfield>
  </datafield>
  <datafield tag="955" ind1=" " ind2=" ">
    <subfield code="b">BENT</subfield>
    <subfield code="p">B2796107</subfield>
    <subfield code="z">v.4:no.3(2006:Nov.)</subfield>
  </datafield>
  <datafield tag="955" ind1=" " ind2=" ">
    <subfield code="b">BENT</subfield>
    <subfield code="p">B2811168</subfield>
    <subfield code="z">v.4:no.4(2006:Dec.)</subfield>
  </datafield>
  <datafield tag="955" ind1=" " ind2=" ">
    <subfield code="b">BENT</subfield>
    <subfield code="p">B2832096</subfield>
    <subfield code="z">v.4:no.5([2007:Jan.])</subfield>
  </datafield>
  <datafield tag="955" ind1=" " ind2=" ">
    <subfield code="b">BENT</subfield>
    <subfield code="p">B2851835</subfield>
    <subfield code="z">v.4:no.6(2007:Feb.)</subfield>
  </datafield>
  <datafield tag="955" ind1=" " ind2=" ">
    <subfield code="b">BENT</subfield>
    <subfield code="p">B2983670</subfield>
    <subfield code="z">v.4:no.7(2007:April)</subfield>
  </datafield>
  <datafield tag="955" ind1=" " ind2=" ">
    <subfield code="b">BENT</subfield>
    <subfield code="p">B2996692</subfield>
    <subfield code="z">v.4:no.8(2007:May)</subfield>
  </datafield>
  <datafield tag="955" ind1=" " ind2=" ">
    <subfield code="b">BENT</subfield>
    <subfield code="p">B3008174</subfield>
    <subfield code="z">v.4:no.9(2007:June)</subfield>
  </datafield>
  <datafield tag="955" ind1=" " ind2=" ">
    <subfield code="b">BENT</subfield>
    <subfield code="p">B3077682</subfield>
    <subfield code="z">v.4:no.12(2007:Sept.)</subfield>
  </datafield>
  <datafield tag="955" ind1=" " ind2=" ">
    <subfield code="b">BENT</subfield>
    <subfield code="p">B3077684</subfield>
    <subfield code="z">v.4:no.11(2007:Aug.)</subfield>
  </datafield>
  <datafield tag="955" ind1=" " ind2=" ">
    <subfield code="b">BENT</subfield>
    <subfield code="p">B3077685</subfield>
    <subfield code="z">v.4:no.10(2007:July)</subfield>
  </datafield>
  <datafield tag="955" ind1=" " ind2=" ">
    <subfield code="b">BENT</subfield>
    <subfield code="p">B3312742</subfield>
    <subfield code="z">v.6:no.10(2009:Oct.)</subfield>
  </datafield>
  <datafield tag="955" ind1=" " ind2=" ">
    <subfield code="b">BENT</subfield>
    <subfield code="p">B3312743</subfield>
    <subfield code="z">v.6:no.11(2010:[Mar.?])</subfield>
  </datafield>
  <datafield tag="955" ind1=" " ind2=" ">
    <subfield code="b">BENT</subfield>
    <subfield code="p">B3312744</subfield>
    <subfield code="z">v.6:no.12(2010:[Apr.?])</subfield>
  </datafield>
</record>
